% This file was created with JabRef 2.9.2.
% Encoding: Cp1252


@article{machaka2022InvestigatingProactiveDigitalForensicsLeveragingAdversaryEmulation,
  title={Investigating Proactive Digital Forensics Leveraging Adversary Emulation},
  author={Machaka, Valentine and Balan, Titus},
  journal={Applied Sciences},
  volume={12},
  number={18},
  pages={9077},
  year={2022},
  publisher={MDPI}
}

@book{johansen2017Digitalforensicsandincidentresponse,
  title={Digital forensics and incident response},
  author={Johansen, Gerard},
  year={2017},
  publisher={Packt Publishing Ltd}
}
@article{rosmansyah2019attackdefensetreeonaeexamsystem,
  title={An Attack-Defense Tree on e-Exam System},
  author={Rosmansyah, Yusep and Ritonga, Mora and Hardi, Ariq},
  journal={International Journal of Emerging Technologies in Learning (iJET)},
  volume={14},
  number={23},
  pages={251--260},
  year={2019},
  publisher={International Journal of Emerging Technology in Learning}
}

@article{al2017efficienteexamscheme,
  title={An Efficient E-Exam Scheme.},
  author={Al-Fayoumi, Mustafa and Aboud, Sattar J},
  journal={Int. J. Emerg. Technol. Learn.},
  volume={12},
  number={4},
  pages={153--162},
  year={2017}
}

@article{kentnist800922006guide,
  title={Guide to Computer Security Log Management:.},
  author={Kent, Karen Ann and Souppaya, Murugiah},
  year={2006},
  publisher={US Department of Commerce, Technology Administration, National Institute of~…}
}

@inproceedings{proactiveandreactivedigitalforensics,
  title={The proactive and reactive digital forensics investigation process: A systematic literature review},
  author={Alharbi, Soltan and Weber-Jahnke, Jens and Traore, Issa},
  booktitle={Information Security and Assurance: International Conference, ISA 2011, Brno, Czech Republic, August 15-17, 2011. Proceedings},
  pages={87--100},
  year={2011},
  organization={Springer}
}

@inproceedings{paul2019analysisdf,
  title={An analysis of digital forensics in cyber security},
  author={Paul Joseph, D and Norman, Jasmine},
  booktitle={First International Conference on Artificial Intelligence and Cognitive Computing: AICC 2018},
  pages={701--708},
  year={2019},
  organization={Springer}
}

@article{dhabliya2023temporalaicyberforen,
  title={Temporal Intelligence in AI-Enhanced Cyber Forensics using Time-Based Analysis for Proactive Threat Detection},
  author={Dhabliya, Dharmesh and Gujar, Satish N and Dhabliya, Ritika and Chavan, Gurunath T and Kalnawat, Aarti and Bendale, Shailesh P and others},
  journal={Journal of Electrical Systems},
  volume={19},
  number={3},
  pages={126--146},
  year={2023}
}

@article{wei2021insiderthreat,
  title={Insider threat prediction based on unsupervised anomaly detection scheme for proactive forensic investigation},
  author={Wei, Yichen and Chow, Kam-Pui and Yiu, Siu-Ming},
  journal={Forensic Science International: Digital Investigation},
  volume={38},
  pages={301126},
  year={2021},
  publisher={Elsevier}
}

@article{janjua2020proactiveiotholochain,
  title={Proactive forensics in IoT: Privacy-aware log-preservation architecture in fog-enabled-cloud using holochain and containerization technologies},
  author={Janjua, Kanwal and Shah, Munam Ali and Almogren, Ahmad and Khattak, Hasan Ali and Maple, Carsten and Din, Ikram Ud},
  journal={Electronics},
  volume={9},
  number={7},
  pages={1172},
  year={2020},
  publisher={MDPI}
}

@article{al2019behaviouralbea,
  title={Behavioural digital forensics model: Embedding behavioural evidence analysis into the investigation of digital crimes},
  author={Al Mutawa, Noora and Bryce, Joanne and Franqueira, Virginia NL and Marrington, Andrew and Read, Janet C},
  journal={Digital Investigation},
  volume={28},
  pages={70--82},
  year={2019},
  publisher={Elsevier}
}

@inproceedings{sulthana2021digitalinvestigator,
  title={Digital forensic investigator for cloud computing environment},
  author={Sulthana, Tasleem and Pawar, Digambar},
  booktitle={Computer Communication, Networking and IoT: Proceedings of ICICC 2020},
  pages={53--61},
  year={2021},
  organization={Springer}
}
@article{bradley2021learninglms,
  title={Learning Management System (LMS) use with online instruction.},
  author={Bradley, Vaughn Malcolm},
  journal={International Journal of Technology in Education},
  volume={4},
  number={1},
  pages={68--92},
  year={2021},
  publisher={ERIC}
}

@article{rosmansyah2020impersonation,
  title={Impersonation attack-defense tree},
  author={Rosmansyah, Yusep and Hendarto, Ignatius and Pratama, Demby},
  journal={International Journal of Emerging Technologies in Learning (iJET)},
  volume={15},
  number={19},
  pages={239--246},
  year={2020},
  publisher={International Journal of Emerging Technology in Learning}
}

@article{li2017jit-log-changes,
  title={Towards just-in-time suggestions for log changes},
  author={Li, Heng and Shang, Weiyi and Zou, Ying and E. Hassan, Ahmed},
  journal={Empirical Software Engineering},
  volume={22},
  pages={1831--1865},
  year={2017},
  publisher={Springer}
}

@INPROCEEDINGS{SPNFFb16,
  author={Sivaprasad, Abirami},
  booktitle={2017 International Conference on Current Trends in Computer, Electrical, Electronics and Communication (CTCEEC)}, 
  title={Secured Proactive Network Forensic Framework}, 
  year={2017},
  volume={},
  number={},
  pages={695-699},
  keywords={Digital forensics;Market research;Computer crime;Organizations;Cryptography;Network Forensic;Network Forensic Framework;Digital Investigation;Proactive Investigation},
  doi={10.1109/CTCEEC.2017.8455003}
}
@article{b17,
title={Enhancing security and risk management with predictive analytics: A proactive approach},
author={Ibrahim Adedeji Adeniran and Christianah Pelumi Efunniyi and Olajide Soji Osundare and Angela Omozele Abhulimen},
journal={International Journal of Scholarly Research in Engineering and Technology},
year={2024},
doi={10.56781/ijsret.2024.4.1.0021}
}

@article{jordan2015machine,
  title={Machine learning: Trends, perspectives, and prospects},
  author={Jordan, Michael I and Mitchell, Tom M},
  journal={Science},
  volume={349},
  number={6245},
  pages={255--260},
  year={2015},
  publisher={American Association for the Advancement of Science}
}

@book{goodfellow2016deep,
  title={Deep Learning},
  author={Goodfellow, Ian and Bengio, Yoshua and Courville, Aaron},
  year={2016},
  publisher={MIT Press}
}

@book{guyon2006feature,
  title={Feature Extraction: Foundations and Applications},
  author={Guyon, Isabelle and Gunn, Steve and Nikravesh, Masoud and Zadeh, Lotfi A},
  year={2006},
  publisher={Springer}
}

@book{bishop2006pattern,
  title={Pattern Recognition and Machine Learning},
  author={Bishop, Christopher M},
  year={2006},
  publisher={Springer}
}

@book{raschka2020machine,
  title={Machine Learning with Python for Everyone},
  author={Raschka, Sebastian},
  year={2020},
  publisher={Pearson Education}
}

@book{geron2019hands,
  title={Hands-On Machine Learning with Scikit-Learn, Keras, and TensorFlow: Concepts, Tools, and Techniques to Build Intelligent Systems},
  author={Geron, Aurélien},
  year={2019},
  publisher={O'Reilly Media}
}

@article{abd2024enhancinglmsids,
  title={Enhancing Learning Management Systems with Intrusion Alerts and Forensic Logging},
  author={Abd Hamid, Norhidayah and Ab Rahman, Nurul Hidayah and Cahyani, Niken Dwi Wahyu},
  journal={International Journal of Advanced Research in Education and Society},
  volume={6},
  number={3},
  pages={295--308},
  year={2024}
}

@article{garg2023preserving,
  title={Preserving integrity in online assessment using feature engineering and machine learning},
  author={Garg, Manika and Goel, Anita},
  journal={Expert Systems with Applications},
  volume={225},
  pages={120111},
  year={2023},
  publisher={Elsevier}
}

@article{smirani2022algorithm,
  title={An algorithm based on convolutional neural networks to manage online exams via learning management system without using a webcam},
  author={Smirani, Lassaad K and Boulahia, Jihane A},
  journal={International Journal of Advanced Computer Science and Applications},
  volume={13},
  number={3},
  year={2022},
  publisher={Science and Information (SAI) Organization Limited}
}

@article{adel2024ethicore,
  title={ETHICore: Ethical Compliance and Oversight Framework for Digital Forensic Readiness},
  author={Adel, Amr and Ahsan, Ali and Davison, Claire},
  journal={Information},
  volume={15},
  number={6},
  pages={363},
  year={2024},
  publisher={MDPI}
}

@article{davidovic2015cron,
  author    = {Sandi Davidovič and Karan Guliani},
  title     = {Reliable Cron across the Planet},
  journal   = {ACM Queue},
  volume    = {13},
  number    = {3},
  year      = {2015},
  month     = mar,
  publisher = {ACM}
}

@misc{halim2019honeypot,
  author       = {I. H. A. Halim and A. R. M. Saad and N. F. N. Ramli and A. N. M. Rozaini},
  title        = {Reducing Honeypot Log Storage Capacity Consumption -- Cron Job with Perl-Script Approach},
  howpublished = {arXiv preprint arXiv:1911.07633},
  year         = {2019},
  url          = {https://arxiv.org/abs/1911.07633}
}

@article{smith2020,
  author    = {J. Smith and P. Brown},
  title     = {A Comparative Study of Moodle and Google Classroom in Higher Education},
  journal   = {International Journal of Information and Education Technology},
  volume    = {9},
  number    = {2},
  pages     = {112--117},
  year      = {2020}
}

@article{wijaya2021,
  author    = {R. Wijaya and S. Nugroho and L. Pratama},
  title     = {Mobile-based LMS Usage in Distance Learning},
  journal   = {Jurnal Teknologi Pendidikan},
  volume    = {5},
  number    = {1},
  pages     = {21--30},
  year      = {2021}
}

@inproceedings{putra2022,
  author    = {D. Putra and M. Sari},
  title     = {Integration of Artificial Intelligence in Learning Management Systems},
  booktitle = {Proceedings of the National Seminar on Information Technology},
  pages     = {98--105},
  year      = {2022}
}
@article{kumar2019,
  author    = {A. Kumar},
  title     = {Scalability and Security Issues in Learning Management Systems},
  journal   = {IEEE Access},
  volume    = {7},
  pages     = {150985--150995},
  year      = {2019}
}

@inproceedings{nussbaum2012performance,
  author    = {Lucas Nussbaum and others},
  title     = {Performance comparison of scp and rsync over variable latency and bandwidth},
  booktitle = {Proceedings of ...},
  year      = {2012}
}

@misc{superuser_rsync_vs_scp,
  author = {{StackExchange SuperUser community}},
  title = {Why is rsync faster than scp?},
  howpublished = {\url{https://superuser.com/questions/193952}},
  note = {Accessed July 2025}
}

@misc{stackexchange_rsync_scp_checksum,
  author = {{StackExchange community}},
  title = {RSYNC and SCP differences},
  howpublished = {\url{https://serverfault.com/questions/194514/rsync-and-scp-differences}},
  note = {Accessed July 2025}
}
@article{larchenko2025mindmap,
  author    = {D. Larchenko and O. Shevchenko},
  title     = {Mind Map-Based Classification of Challenges in Digital Forensics},
  journal   = {Journal of Information Security Research},
  year      = {2025},
  volume    = {18},
  number    = {2},
  pages     = {112--120},
  publisher = {Springer},
  doi       = {10.1007/s10207-025-00621-x},
  note      = {Used as basis for visualizing evidence loss categories in digital forensics.}
}

@article{wang2023telegramalert,
  author    = {Yifan Wang and Xin Liu},
  title     = {A Lightweight Alerting System Using Telegram Bot API for Network Anomaly Detection},
  journal   = {International Journal of Computer Applications},
  year      = {2023},
  volume    = {185},
  number    = {12},
  pages     = {45--51}
}

@article{barker2018openlogtools,
  author  = {Jason Barker and Michael Tan},
  title   = {Open-Source Log Management Tools as SIEM Alternatives in Small Enterprises},
  journal = {International Journal of Cyber Security and Digital Forensics},
  year    = {2018},
  volume  = {7},
  number  = {4},
  pages   = {201--209}
}
@article{marturana2020evaluation,
	title = {Evaluation framework for digital forensic tools: A practical approach},
	author = {Francesco Marturana and Carmine Malvisi and Antonio Me and Ivan Visconti},
	journal = {Digital Investigation},
	volume = {33},
	pages = {301020},
	year = {2020},
	publisher = {Elsevier},
	doi = {10.1016/j.diin.2020.301020}
}

@article{stoykova2023rvef,
	title = {Reliability validation enabling framework (RVEF) for digital forensics in criminal investigations},
	author = {Stoykova, Radina and Franke, Katrin},
	journal = {Forensic Science International: Digital Investigation},
	volume = {45},
	year = {2023},
	pages = {301554},
	doi = {10.1016/j.fsidi.2023.301554}
}

%rationale
@online{intimedia2024,
	title     = {Beyond the Classroom Walls: The Rise of Online Learning Management Systems in Indonesia},
	author    = {Intimedia},
	year      = {2024},
	url       = {https://intimedia.id/read/beyond-the-classroom-walls-the-rise-of-online-learning-management-systems-in-indonesia}
}
@online{akubelajar2024,
	title     = {LMS untuk Membantu Meningkatkan Kemajuan Pendidikan Indonesia},
	author    = {AkuBelajar},
	year      = {2024},
	url       = {https://www.akubelajar.id/blog/lms-untuk-membantu-meningkatkan-kemajuan-pendidikan-indonesia}
}
@article{ucy2023,
	title     = {Pengaruh Penggunaan Learning Management System (LMS) Terhadap Hasil Belajar Siswa SD},
	author    = {A. Author and B. Author},
	journal   = {Jurnal FKIP UCY},
	year      = {2023},
	url       = {https://jurnal.ucy.ac.id/index.php/fkip/article/download/2393/2316}
}
@article{edukatif2023,
	title     = {Analisis Tingkat Pemanfaatan Moodle sebagai LMS di Perguruan Tinggi},
	author    = {C. Author and D. Author},
	journal   = {Edukatif: Jurnal Ilmu Pendidikan},
	year      = {2023},
	url       = {https://edukatif.org/edukatif/article/view/6268}
}
@online{tracedata2024,
	title     = {Indonesia Online Education Platforms Market Industry Report 2024-2029},
	author    = {Trace Data Research},
	year      = {2024},
	url       = {https://www.tracedataresearch.com/industry-report/indonesia-online-education-platforms-market}
}

@article{mckemmish1999,
	author  = {Rodney McKemmish},
	title   = {What is Forensic Computing?},
	journal = {Trends \& Issues in Crime and Criminal Justice},
	number  = {118},
	year    = {1999},
	pages   = {1--6},
	publisher = {Australian Institute of Criminology},
	url     = {https://www.aic.gov.au/publications/tandi/tandi118}
}
-- bab 2
--
--
--
--
--
--
@article{abd2024enhancing,
  title={Enhancing Learning Management Systems with Intrusion Alerts and Forensic Logging},
  author={Abd Hamid, Norhidayah and Ab Rahman, Nurul Hidayah and Cahyani, Niken Dwi Wahyu},
  journal={International Journal of Advanced Research in Education and Society},
  volume={6},
  number={3},
  pages={295--308},
  year={2024}
}

@inproceedings{djeki2024best,
  title={Best Practices for Ensuring Security and Privacy in E-Learning Environments},
  author={Djeki, Essohanam and D{\'e}gila, Jules and Alhassan, Muhtar Hanif},
  booktitle={2024 ASU International Conference in Emerging Technologies for Sustainability and Intelligent Systems (ICETSIS)},
  pages={1108--1112},
  year={2024},
  organization={IEEE}
}

@article{sylla2022secure,
  title={Secure Dematerialization of Assessments in Digital Universities through Moodle, WebRTC and Safe Exam Browser (SEB).},
  author={Sylla, Khalifa and Babou, Birahim and Ouya, Samuel},
  journal={International Association for Development of the Information Society},
  year={2022},
  publisher={ERIC}
}

@inproceedings{razak2023m,
  title={M-health digital evidence taxonomy system (MDETS): Enabling digital forensics readiness with knowledge sharing approach},
  author={Razak, Muhammad Thariq Abdul and Rahman, Nurul Hidayah Ab and Cahyani, Niken Dwi Wahyu and Hui, Tay Xin and Taylor, Sarah Khadijah},
  booktitle={AIP Conference Proceedings},
  volume={2508},
  number={1},
  year={2023},
  organization={AIP Publishing}
}

@inproceedings{rivera2019towards,
  title={Towards automated logging for forensic-ready software systems},
  author={Rivera-Ortiz, Fanny and Pasquale, Liliana},
  booktitle={2019 IEEE 27th International Requirements Engineering Conference Workshops (REW)},
  pages={157--163},
  year={2019},
  organization={IEEE}
}
@inproceedings{lintang2024log,
  title={Log Analyzer for English Proficiency Test Cheating Detection},
  author={Lintang, Qais Kalyana and Cahyani, Niken Dwi Wahyu and Nugroho, Muhammad Arief},
  booktitle={2024 12th International Conference on Information and Communication Technology (ICoICT)},
  pages={115--122},
  year={2024},
  organization={IEEE}
}

@inproceedings{hung2023examinator,
  title={Examinator v3. 0: Cheating Detection in Online Take-Home Exams},
  author={Hung, Jui-Tse and Cui, Christopher and Agarwal, Varun and Chatterjee, Saurabh and Apoorv, Raghav and Graziano, Rocko and Starner, Thad},
  booktitle={Proceedings of the Tenth ACM Conference on Learning@ Scale},
  pages={401--405},
  year={2023}
}
@article{ranger2020detection,
  title={The detection of cheating on E-exams in higher education—the performance of several old and some new indicators},
  author={Ranger, Jochen and Schmidt, Nico and Wolgast, Anett},
  journal={Frontiers in Psychology},
  volume={11},
  pages={568825},
  year={2020},
  publisher={Frontiers Media SA}
}
@misc{kadoic2018analysis,
  title={Analysis of student behavior and success based on logs in Moodle. 2018 41st International Convention on Information and Communication Technology, Electronics and Microelectronics, MIPRO 2018-Proceedings,(pp. 654--659)},
  author={Kadoic, N and Oreski, D},
  year={2018}
}
@article{lakhno2023adaptive,
  title={Adaptive Monitoring of Companies' Information Security},
  author={Lakhno, Valerii and Adilzhanova, Saltanat and Ydyryshbayeva, Moldir and Turgynbayeva, Aliza and Kryvoruchko, Olena and Chubaievskyi, Vitalyi and Desiatko, Alona},
  journal={International Journal of Electronics and Telecommunications},
  volume={69},
  number={1},
  year={2023},
  publisher={Polska Akademia Nauk. Czytelnia Czasopism PAN}
}

@article{kern2024logging,
  title={A logging maturity and decision model for the selection of intrusion detection cyber security solutions},
  author={Kern, Manuel and Landauer, Max and Skopik, Florian and Weippl, Edgar},
  journal={Computers \& Security},
  volume={141},
  pages={103844},
  year={2024},
  publisher={Elsevier}
}

@article{febriana2023comparative,
  title={Comparative Study of Cloud Forensic Investigation Using ADAM And NIST 800-86 Methods in Private Cloud Computing},
  author={Febriana, Reza and Luthfi, Ahmad and others},
  journal={Jurnal RESTI (Rekayasa Sistem dan Teknologi Informasi)},
  volume={7},
  number={5},
  pages={1097--1110},
  year={2023}
}

@article{venter2018digital,
  title={A digital forensic readiness architecture for online examinations},
  author={Venter, HS and Kigwana, Ivans},
  journal={South African Computer Journal},
  volume={30},
  number={1},
  pages={1--39},
  year={2018},
  publisher={South African Computer Society (SAICSIT)}
}

== end of literature review bab 2 =====

{

}

